<collection xmlns="http://www.loc.gov/MARC21/slim">
<record>
  <leader>02594nam0a2200457 i 450 </leader>
  <controlfield tag="001">IT\ICCU\CNCE\012716</controlfield>
  <controlfield tag="005">20041028000000.0</controlfield>
  <datafield tag="012" ind1=" " ind2=" ">
    <subfield code="a">m.ps *.*. *.*. ma** (3) 1596 (R)</subfield>
    <subfield code="2">fei</subfield>
    <subfield code="9">1</subfield>
  </datafield>
  <datafield tag="012" ind1=" " ind2=" ">
    <subfield code="a">t.el o.uo *.I. sp** (3) 1596 (R)</subfield>
    <subfield code="2">fei</subfield>
    <subfield code="9">2</subfield>
  </datafield>
  <datafield tag="100" ind1=" " ind2=" ">
    <subfield code="a">19970101d1596        0itac0103    ba</subfield>
  </datafield>
  <datafield tag="101" ind1=" " ind2=" ">
    <subfield code="a">LAT</subfield>
    <subfield code="a">GRC</subfield>
  </datafield>
  <datafield tag="102" ind1=" " ind2=" ">
    <subfield code="a">IT</subfield>
  </datafield>
  <datafield tag="200" ind1="1" ind2=" ">
    <subfield code="a">Institutiones absolutissimae in Graecam linguam. Item, annotationes in nominum verborumque difficultates. Inuestigatio thematis in verbis anomalis. Compendiosa syntaxeos ratio. N. Clenardo autore. Cum praxi siue usu praeceptorum grammatices per P. Antesignanum</subfield>
  </datafield>
  <datafield tag="210" ind1=" " ind2=" ">
    <subfield code="a">Augustae Taurinorum</subfield>
    <subfield code="c">apud Io. Dominicum Tarinum</subfield>
    <subfield code="d">1596</subfield>
  </datafield>
  <datafield tag="215" ind1=" " ind2=" ">
    <subfield code="a">2 v.</subfield>
    <subfield code="d">8ʻ</subfield>
  </datafield>
  <datafield tag="423" ind1=" " ind2="0">
    <subfield code="1">001IT\ICCU\CNCE\026024</subfield>
    <subfield code="1">2001 </subfield>
    <subfield code="a">Praxis, seu vsus praeceptorum grammatices Graecae.</subfield>
  </datafield>
  <datafield tag="620" ind1=" " ind2=" ">
    <subfield code="a">IT</subfield>
    <subfield code="d">Torino</subfield>
  </datafield>
  <datafield tag="700" ind1=" " ind2="1">
    <subfield code="a">Cleynaerts,</subfield>
    <subfield code="b">Nicolas</subfield>
    <subfield code="3">IT\ICCU\CNCA\003251</subfield>
  </datafield>
  <datafield tag="702" ind1=" " ind2="1">
    <subfield code="a">Antesignanus,</subfield>
    <subfield code="b">Petrus</subfield>
    <subfield code="3">IT\ICCU\CNCA\003090</subfield>
  </datafield>
  <datafield tag="712" ind1="0" ind2="0">
    <subfield code="a">Tarino, Giovanni Domenico</subfield>
    <subfield code="3">IT\ICCU\CNCT\000675</subfield>
    <subfield code="4">650</subfield>
  </datafield>
  <datafield tag="790" ind1=" " ind2="1">
    <subfield code="a">Beke,</subfield>
    <subfield code="b">Nicolaus : van der</subfield>
    <subfield code="3">IT\ICCU\CNCA\007771</subfield>
    <subfield code="z">Cleynaerts, Nicolas</subfield>
  </datafield>
  <datafield tag="790" ind1=" " ind2="1">
    <subfield code="a">Clenardus,</subfield>
    <subfield code="b">Nicolaus</subfield>
    <subfield code="3">IT\ICCU\CNCA\008254</subfield>
    <subfield code="z">Cleynaerts, Nicolas</subfield>
  </datafield>
  <datafield tag="790" ind1=" " ind2="1">
    <subfield code="a">Devantes,</subfield>
    <subfield code="b">Pierre</subfield>
    <subfield code="3">IT\ICCU\CNCA\003353</subfield>
    <subfield code="z">Antesignanus, Petrus</subfield>
  </datafield>
  <datafield tag="790" ind1=" " ind2="1">
    <subfield code="a">Antesignan,</subfield>
    <subfield code="b">Pierre</subfield>
    <subfield code="3">IT\ICCU\CNCA\012467</subfield>
    <subfield code="z">Antesignanus, Petrus</subfield>
  </datafield>
  <datafield tag="790" ind1=" " ind2="0">
    <subfield code="a">Petrus</subfield>
    <subfield code="c"> : Antesignanus</subfield>
    <subfield code="3">IT\ICCU\CNCA\019388</subfield>
    <subfield code="z">Antesignanus, Petrus</subfield>
  </datafield>
  <datafield tag="791" ind1="0" ind2="0">
    <subfield code="a">Tarinus, Ioannes Dominicus</subfield>
    <subfield code="3">IT\ICCU\CNCT\005573</subfield>
    <subfield code="z">Tarino, Giovanni Domenico</subfield>
  </datafield>
  <datafield tag="801" ind1=" " ind2="3">
    <subfield code="a">IT</subfield>
    <subfield code="b">ICCU</subfield>
    <subfield code="c">20201114</subfield>
  </datafield>
  <datafield tag="899" ind1=" " ind2=" ">
    <subfield code="a">Biblioteca del Seminario vescovile. Asti</subfield>
    <subfield code="1">AT0005</subfield>
    <subfield code="2">TO0 45</subfield>
  </datafield>
  <datafield tag="899" ind1=" " ind2=" ">
    <subfield code="a">Biblioteca civica A. Mai. Bergamo</subfield>
    <subfield code="1">BG0026</subfield>
    <subfield code="2">LO1 02</subfield>
  </datafield>
  <datafield tag="899" ind1=" " ind2=" ">
    <subfield code="a">Biblioteca diocesana. Cuneo</subfield>
    <subfield code="z">MUTILO</subfield>
    <subfield code="1">CN0036</subfield>
    <subfield code="2">TO0 51</subfield>
  </datafield>
  <datafield tag="899" ind1=" " ind2=" ">
    <subfield code="a">Biblioteca civica di Mondov. Mondov</subfield>
    <subfield code="1">CN0065</subfield>
    <subfield code="2">TO0 55</subfield>
  </datafield>
  <datafield tag="899" ind1=" " ind2=" ">
    <subfield code="a">Biblioteca comunale. Como</subfield>
    <subfield code="1">CO0059</subfield>
    <subfield code="2">ZCO 01</subfield>
  </datafield>
  <datafield tag="899" ind1=" " ind2=" ">
    <subfield code="a">Biblioteca del Convento francescano. Dongo</subfield>
    <subfield code="1">CO0075</subfield>
    <subfield code="2">ZCO 04</subfield>
  </datafield>
  <datafield tag="899" ind1=" " ind2=" ">
    <subfield code="a">Biblioteca del Seminario vescovile. Como</subfield>
    <subfield code="1">CO0213</subfield>
    <subfield code="2">PBE 18</subfield>
  </datafield>
  <datafield tag="899" ind1=" " ind2=" ">
    <subfield code="a">Biblioteca statale. Cremona</subfield>
    <subfield code="1">CR0062</subfield>
    <subfield code="2">LO1 28</subfield>
  </datafield>
  <datafield tag="899" ind1=" " ind2=" ">
    <subfield code="a">Biblioteca statale. Lucca</subfield>
    <subfield code="1">LU0022</subfield>
    <subfield code="2">LUA BL</subfield>
  </datafield>
  <datafield tag="899" ind1=" " ind2=" ">
    <subfield code="a">Biblioteca nazionale Braidense. Milano</subfield>
    <subfield code="1">MI0185</subfield>
    <subfield code="2">MIL NB</subfield>
  </datafield>
  <datafield tag="899" ind1=" " ind2=" ">
    <subfield code="a">Biblioteca civica centrale Camillo Alliaudi. Pinerolo</subfield>
    <subfield code="z">MUTILO</subfield>
    <subfield code="1">TO0162</subfield>
    <subfield code="2">TO1 58</subfield>
  </datafield>
  <datafield tag="899" ind1=" " ind2=" ">
    <subfield code="a">Biblioteca storica della Provincia di Torino. Torino</subfield>
    <subfield code="1">TO0277</subfield>
    <subfield code="2">TO0 06</subfield>
  </datafield>
  <datafield tag="899" ind1=" " ind2=" ">
    <subfield code="a">Biblioteca agnesiana e diocesana. Vercelli</subfield>
    <subfield code="1">VC0072</subfield>
    <subfield code="2">TO0 C4</subfield>
  </datafield>
  <datafield tag="921" ind1=" " ind2=" ">
    <subfield code="a">IT\ICCU\CNCM\001528</subfield>
    <subfield code="b">Liocorno tiene con la zampa destra uno scudo con le iniziali G.D.T.</subfield>
    <subfield code="c">U432</subfield>
    <subfield code="d">Dimensioni: 4,5 x 5</subfield>
    <subfield code="f">LIOCORNO</subfield>
    <subfield code="f">SCUDO</subfield>
    <subfield code="g">1592-1596</subfield>
  </datafield>
</record>
</collection>
